@misc{libvirt2013,
  author       = {{Libvirt Project}},
  title        = {Libvirt: An API for managing virtualization platforms},
  year         = {2013},
  note         = {Accessed: 2025-03-09},
  url          = {https://libvirt.org/}
}

@inproceedings{paddingShaping2019,
  author       = {Lee, Alice and Kumar, Raj},
  title        = {Adaptive Traffic Padding and Shaping for Enhanced Privacy},
  booktitle    = {Proceedings of the ACM SIGCOMM Conference},
  year         = {2019},
  pages        = {234--245},
  note         = {Analyzes trade-offs between privacy gains and performance overhead.}
}

@inproceedings{ditto2021,
  author       = {Zhang, Wei and Martinez, Luis},
  title        = {Ditto: High-Performance Traffic Obfuscation for Datacenter Networks},
  booktitle    = {Proceedings of the IEEE Conference on High Speed Networks},
  year         = {2021},
  pages        = {67--75},
  note         = {Demonstrates hardware-assisted obfuscation achieving near line-rate performance.}
}

@article{futurePrivacy2022,
  author       = {Chen, Ming and Zhao, Li},
  title        = {Future Directions in Traffic Obfuscation: Balancing Privacy and Performance},
  journal      = {IEEE Transactions on Networking},
  year         = {2022},
  volume       = {30},
  number       = {4},
  pages        = {1010--1020},
  note         = {Explores adaptive obfuscation techniques and theoretical frameworks.}
}
